<record><leader>00000cas a22000007a 4500</leader><controlfield tag="001">14554660</controlfield><controlfield tag="008">861028d19591982txudn ne      0    0eng d</controlfield><datafield ind1=" " ind2=" " tag="010"><subfield code="a">sn 86089869 </subfield></datafield><datafield ind1=" " ind2=" " tag="040"><subfield code="a">PPM</subfield><subfield code="b">eng</subfield><subfield code="c">PPM</subfield><subfield code="d">OCLCQ</subfield></datafield><datafield ind1=" " ind2=" " tag="042"><subfield code="a">msc</subfield></datafield><datafield ind1="0" ind2="4" tag="245"><subfield code="a">The Lufkin news.</subfield></datafield><datafield ind1=" " ind2=" " tag="260"><subfield code="a">Lufkin, Tex. :</subfield><subfield code="b">Lufkin Pub. Co.,</subfield><subfield code="c">1959-</subfield></datafield><datafield ind1=" " ind2=" " tag="300"><subfield code="a">v. :</subfield><subfield code="b">ill.</subfield></datafield><datafield ind1=" " ind2=" " tag="310"><subfield code="a">Daily (except Sat.)</subfield></datafield><datafield ind1="0" ind2=" " tag="362"><subfield code="a">Vol. 53, no. 76 (Jan. 28, 1959)-</subfield></datafield><datafield ind1="1" ind2=" " tag="362"><subfield code="a">Ceased in 1982?</subfield></datafield><datafield ind1=" " ind2=" " tag="752"><subfield code="a">United States</subfield><subfield code="b">Texas</subfield><subfield code="c">Angelina</subfield><subfield code="d">Lufkin.</subfield></datafield><datafield ind1="0" ind2="0" tag="780"><subfield code="t">Lufkin daily news</subfield><subfield code="w">(DLC)sn 83008400</subfield></datafield><datafield ind1="0" ind2="0" tag="785"><subfield code="t">Lufkin daily news (Lufkin, Tex. : 1982)</subfield><subfield code="w">(OCoLC)18269794</subfield></datafield></record>